<?xml version="1.0" encoding="UTF-8"?><record xmlns="http://www.loc.gov/MARC21/slim" xmlns:cinclude="http://apache.org/cocoon/include/1.0" xmlns:zs="http://www.loc.gov/zing/srw/">
  <leader>00795cz  a2200169n  4500</leader>
  <controlfield tag="001">n 2001065237</controlfield>
  <controlfield tag="003">DLC</controlfield>
  <controlfield tag="005">20130320080724.0</controlfield>
  <controlfield tag="008">010417n| acannaabn          |a aaa      </controlfield>
  <datafield tag="010" ind1=" " ind2=" ">
    <subfield code="a">n 2001065237</subfield>
  </datafield>
  <datafield tag="040" ind1=" " ind2=" ">
    <subfield code="a">DLC</subfield>
    <subfield code="b">eng</subfield>
    <subfield code="c">DLC</subfield>
    <subfield code="d">DLC</subfield>
  </datafield>
  <datafield tag="100" ind1="0" ind2=" ">
    <subfield code="a">Matteo,</subfield>
    <subfield code="c">da Perugia,</subfield>
    <subfield code="d">-approximately 1418.</subfield>
    <subfield code="t">Plus onques dame</subfield>
  </datafield>
  <datafield tag="400" ind1="0" ind2=" ">
    <subfield code="a">Matteo,</subfield>
    <subfield code="c">da Perugia,</subfield>
    <subfield code="d">-approximately 1418.</subfield>
    <subfield code="t">Plus oncques dame</subfield>
  </datafield>
  <datafield tag="400" ind1="0" ind2=" ">
    <subfield code="w">nnea</subfield>
    <subfield code="a">Matteo,</subfield>
    <subfield code="c">da Perugia,</subfield>
    <subfield code="d">d. ca. 1418.</subfield>
    <subfield code="t">Plus onques dame</subfield>
  </datafield>
  <datafield tag="667" ind1=" " ind2=" ">
    <subfield code="a">THIS 1XX FIELD CANNOT BE USED UNDER RDA UNTIL THIS RECORD HAS BEEN REVIEWED AND/OR UPDATED</subfield>
  </datafield>
  <datafield tag="670" ind1=" " ind2=" ">
    <subfield code="a">Schickele, P. Variations on a medieval theme, c1999:</subfield>
    <subfield code="b">program note (Plus oncques dames n'a mercy) p. 1 (Plus  oncques dame)</subfield>
  </datafield>
  <datafield tag="670" ind1=" " ind2=" ">
    <subfield code="a">New Grove dict., 2nd ed. (Anonymous works probably by Matteo: Plus onques dame, virelai)</subfield>
  </datafield>
</record>